@online{assignment,
	author    = "{Riana Geschke}",
	title     = "{EEE4036A Electrical Engineering Design 2016}",

	year     = "2016",
	month    = "February",
	url		=	"Private"
}

@online{handout,
	author    = "{Riana Geschke}",
	title     = "{EEE4036A Class Handout}",

	year     = "2016",
	month    = "February",
	url		=	"Private"
}

@online{decawave-presentation,
	author    = "{Luc Darmon, Gerry O'Grady, Mike Clancy}",
	title     = "{DecaWave’s 
ScenSor DW1000: The World’s Most Precise Indoor Location and Communication CMOS Chip}",

	year     = "2013",
	month    = "November",
	url		=	"http://www.decawave.com/sites/default/files/resources/decawave_scensor_presentation_santa_clara_1.pdf"
}

@online{control,
	author    = "{FOX 52}",
	title     = "Helicopter controls layout",	
	year     = "2013",
	url     = "http://www.airliners.net/photo/0737703/"
	
}

@book{nise2011control,
	title={Control Systems Engineering},
	author={Nise, Norman S},
	year={2011},
	publisher={John Wiley \& Sons}
}
